% Encoding: UTF-8

@Article{akrivis.1999.implicit,
  author       = {Akrivis, Georgios and Crouzeix, Michel and Makridakis, Charalambos},
  title        = {Implicit-explicit multistep methods for quasilinear parabolic equations},
  note         = {Publisher: Springer},
  number       = {4},
  pages        = {521--541},
  volume       = {82},
  date         = {1999},
  journaltitle = {Numerische Mathematik},
}

@Article{ford.1992.fermi,
  title={The Fermi-Pasta-Ulam problem: paradox turns discovery},
  author={Ford, Joseph},
  journal={Physics Reports},
  volume={213},
  number={5},
  pages={271--310},
  year={1992},
  publisher={Elsevier}
}

@Article{dimarco.2017.implicit,
  title={Implicit-explicit linear multistep methods for stiff kinetic equations},
  author={Dimarco, Giacomo and Pareschi, Lorenzo},
  journal={SIAM Journal on Numerical Analysis},
  volume={55},
  number={2},
  pages={664--690},
  year={2017},
  publisher={SIAM}
}

@Article{henon.1964.applicability,
  title={The applicability of the third integral of motion: some numerical experiments},
  author={H{\'e}non, Michel and Heiles, Carl},
  journal={The astronomical journal},
  volume={69},
  pages={73},
  year={1964}
}

@Article{albi.2020.implicit,
  author       = {Albi, Giacomo and Dimarco, Giacomo and Pareschi, Lorenzo},
  title        = {Implicit-explicit multistep methods for hyperbolic systems with multiscale relaxation},
  note         = {Publisher: {SIAM}},
  number       = {4},
  pages        = {A2402--A2435},
  volume       = {42},
  date         = {2020},
  journaltitle = {{SIAM} Journal on Scientific Computing},
}

@Article{auger.1996.emergence,
  author       = {Auger, Pierre and Poggiale, Jean-Christophe},
  title        = {Emergence of population growth models: fast migration and slow growth},
  note         = {Publisher: Elsevier},
  number       = {2},
  pages        = {99--108},
  volume       = {182},
  date         = {1996},
  journaltitle = {Journal of Theoretical Biology},
}

@Article{ascher.1995.implicit,
  author       = {Ascher, Uri M and Ruuth, Steven J and Wetton, Brian {TR}},
  title        = {Implicit-explicit methods for time-dependent partial differential equations},
  note         = {Publisher: {SIAM}},
  number       = {3},
  pages        = {797--823},
  volume       = {32},
  date         = {1995},
  journaltitle = {{SIAM} Journal on Numerical Analysis},
}

@Article{bhatnagar.1954.model,
  title={A model for collision processes in gases. I. Small amplitude processes in charged and neutral one-component systems},
  author={Bhatnagar, Prabhu Lal and Gross, Eugene P and Krook, Max},
  journal={Physical review},
  volume={94},
  number={3},
  pages={511},
  year={1954},
  publisher={APS}
}

@Article{descombes.2004.operator,
  title={Operator splitting for nonlinear reaction-diffusion systems with an entropic structure: singular perturbation and order reduction},
  author={Descombes, St{\'e}phane and Massot, Marc},
  journal={Numerische Mathematik},
  volume={97},
  number={4},
  pages={667--698},
  year={2004},
  publisher={Springer}
}

@Article{boscarino.2017.unified,
  author       = {Boscarino, Sebastiano and Pareschi, Lorenzo and Russo, Giovanni},
  title        = {A unified IMEX Runge–Kutta approach for hyperbolic systems with multiscale relaxation},
  note         = {Publisher: {SIAM}},
  number       = {4},
  pages        = {2085--2109},
  volume       = {55},
  date         = {2017},
  journaltitle = {{SIAM} Journal on Numerical Analysis},
}

@Article{castella.2018.analysis,
  author       = {Castella, Francois and Chartier, Philippe and Sauzeau, Julie},
  title        = {Analysis of a time-dependent problem of mixed migration and population dynamics},
  date         = {2018},
  journaltitle = {{arXiv} preprint, {arXiv}:1512.01880},
}

@Article{chartier.2019.highly,
  author       = {Chartier, Philippe and Lemou, Mohammed and Méhats, Florian and Vilmart, Gilles},
  title        = {Highly oscillatory problems with time-dependent vanishing frequency},
  note         = {Publisher: {SIAM}},
  number       = {2},
  pages        = {925--944},
  volume       = {57},
  date         = {2019},
  journaltitle = {{SIAM} Journal on Numerical Analysis},
}

@Article{chartier.2020.derivative,
  author       = {Chartier, Philippe and Lemou, Mohammed and Méhats, Florian and Zhao, Xiaofei},
  title        = {Derivative-free high-order uniformly accurate schemes for highly-oscillatory systems},
  date         = {2020},
  journaltitle = {submitted preprint},
}

@Article{castella.2016.formal,
  author       = {Castella, François and Chartier, Philippe and Sauzeau, Julie},
  title        = {A formal series approach to the center manifold theorem},
  note         = {Publisher: Springer},
  pages        = {1--38},
  date         = {2016},
  journaltitle = {Foundations of Computational Mathematics},
}

@Article{chartier.2021.uniformly,
  title={A uniformly accurate numerical method for a class of dissipative systems},
  author={Chartier, Philippe and Lemou, Mohammed and Tr{\'e}mant, L{\'e}opold},
  year={2021},
  journal={Mathematics of Computation},
  pubstate={toappear}
}

@Book{carr.1982.applications,
  author    = {Carr, Jack},
  publisher = {Springer-Verlag New York},
  title     = {Applications of centre manifold theory},
  series    = {Applied Mathematical Sciences},
  volume    = {35},
  date      = {1982},
}

@article{verwer.1998.note,
  title={A note on operator splitting in a stiff linear case},
  author={Verwer, Jan G and Sportisse, Bruno},
  journal={Modelling, Analysis and Simulation [MAS]},
  number={R 9830},
  year={1998},
  publisher={CWI}
}

@Article{sportisse.2000.analysis,
  title={An analysis of operator splitting techniques in the stiff case},
  author={Sportisse, Bruno},
  journal={Journal of computational physics},
  volume={161},
  number={1},
  pages={140--168},
  year={2000},
  publisher={Elsevier}
}

@Article{degond.2004.macroscopic,
  title={Macroscopic limits of the Boltzmann equation: a review},
  author={Degond, Pierre},
  journal={Modeling and computational methods for kinetic equations},
  pages={3--57},
  year={2004},
  publisher={Springer}
}

@Article{faou.2015.analysis,
  title={Analysis of exponential splitting methods for inhomogeneous parabolic equations},
  author={Faou, Erwan and Ostermann, Alexander and Schratz, Katharina},
  journal={IMA Journal of Numerical Analysis},
  volume={35},
  number={1},
  pages={161--178},
  year={2015},
  publisher={OUP}
}

@article{lawson.1967.generalized,
  title={Generalized Runge-Kutta processes for stable systems with large Lipschitz constants},
  author={Lawson, J Douglas},
  journal={SIAM Journal on Numerical Analysis},
  volume={4},
  number={3},
  pages={372--380},
  year={1967},
  publisher={SIAM}
}

@Article{hochbruck.2020.convergence,
  title={On the convergence of Lawson methods for semilinear stiff problems},
  author={Hochbruck, Marlis and Leibold, Jan and Ostermann, Alexander},
  journal={Numerische Mathematik},
  volume={145},
  pages={553--580},
  year={2020},
  publisher={Springer}
}

@Article{einkemmer.2015.overcoming,
  title={Overcoming order reduction in diffusion-reaction splitting. Part 1: Dirichlet boundary conditions},
  author={Einkemmer, Lukas and Ostermann, Alexander},
  journal={SIAM Journal on Scientific Computing},
  volume={37},
  number={3},
  pages={A1577--A1592},
  year={2015},
  publisher={SIAM}
}

@Article{cano.2017.avoiding,
  title={Avoiding order reduction when integrating nonlinear Schr{\"o}dinger equation with Strang method},
  author={Cano, Bego{\~n}a and Reguera, Nuria},
  journal={Journal of Computational and Applied Mathematics},
  volume={316},
  pages={86--99},
  year={2017},
  publisher={Elsevier}
}

@Article{alonso.2017.analysis,
  title={Analysis of order reduction when integrating linear initial boundary value problems with Lawson methods},
  author={Alonso-Mallo, Isa{\'\i}as and Cano, B and Reguera, Nuria},
  journal={Applied Numerical Mathematics},
  volume={118},
  pages={64--74},
  year={2017},
  publisher={Elsevier}
}

@Article{bertoli.2020.strang,
  title={Strang splitting method for semilinear parabolic problems with inhomogeneous boundary conditions: a correction based on the flow of the nonlinearity},
  author={Bertoli, Guillaume and Vilmart, Gilles},
  journal={SIAM Journal on Scientific Computing},
  volume={42},
  number={3},
  pages={A1913--A1934},
  year={2020},
  publisher={SIAM}
}

@Article{santos.1986.divergence,
  title={Divergence of the Chapman-Enskog expansion},
  author={Santos, Andres and Brey, J Javier and Dufty, James W},
  journal={Physical review letters},
  volume={56},
  number={15},
  pages={1571},
  year={1986},
  publisher={APS}
}


@Article{boscarino.2009.class,
  title={On a class of uniformly accurate IMEX Runge--Kutta schemes and applications to hyperbolic systems with relaxation},
  author={Boscarino, Sebastiano and Russo, Giovanni},
  journal={SIAM Journal on Scientific Computing},
  volume={31},
  number={3},
  pages={1926--1945},
  year={2009},
  publisher={SIAM}
}


@Article{chen.1994.hyperbolic,
  author       = {Chen, Gui-Qiang and Levermore, C David and Liu, Tai-Ping},
  title        = {Hyperbolic conservation laws with stiff relaxation terms and entropy},
  note         = {Publisher: Wiley Online Library},
  number       = {6},
  pages        = {787--830},
  volume       = {47},
  date         = {1994},
  journaltitle = {Communications on Pure and Applied Mathematics},
}

@Article{crouseilles.2017.nonlinear,
  author       = {Crouseilles, Nicolas and Jin, Shi and Lemou, Mohammed},
  title        = {Nonlinear geometric optics method-based multi-scale numerical schemes for a class of highly oscillatory transport equations},
  note         = {Publisher: World Scientific},
  number       = {11},
  pages        = {2031--2070},
  volume       = {27},
  date         = {2017},
  journaltitle = {Mathematical Models and Methods in Applied Sciences},
}

@Article{dimarco.2011.exponential,
  author       = {Dimarco, Giacomo and Pareschi, Lorenzo},
  title        = {Exponential Runge–Kutta methods for stiff kinetic equations},
  note         = {Publisher: {SIAM}},
  number       = {5},
  pages        = {2057--2077},
  volume       = {49},
  date         = {2011},
  journaltitle = {{SIAM} Journal on Numerical Analysis},
}

@Book{hairer.1982.solving,
  author    = {Hairer, Ernst and Nørsett, Syvert P. and Wanner, Gerhard},
  publisher = {Springer-Verlag Berlin Heidelberg},
  title     = {Solving Ordinary Differential Equations I. Nonstiff problems},
  series    = {Springer Series in Computational Mathematics},
  volume    = {8},
  date      = {1982},
}

@Book{hairer.1996.solving,
  author    = {Hairer, Ernst and Wanner, Gerhard},
  publisher = {Springer Berlin Heidelberg},
  title     = {Solving ordinary differential equations {II}. Stiff and Differential-Algebraic Problems},
  date      = {1996},
}

@Article{hundsdorfer.2007.imex,
  author       = {Hundsdorfer, Willem and Ruuth, Steven J},
  title        = {{IMEX} extensions of linear multistep methods with general monotonicity and boundedness properties},
  note         = {Publisher: Elsevier},
  number       = {2},
  pages        = {2016--2042},
  volume       = {225},
  date         = {2007},
  journaltitle = {Journal of Computational Physics},
}


@Article{jin.1995.relaxation,
  author       = {Jin, Shi and Xin, Zhouping},
  title        = {The relaxation schemes for systems of conservation laws in arbitrary space dimensions},
  note         = {Publisher: Wiley Online Library},
  number       = {3},
  pages        = {235--276},
  volume       = {48},
  date         = {1995},
  journaltitle = {Communications on pure and applied mathematics},
}

@Article{jin.1998.diffusive,
  author       = {Jin, Shi and Pareschi, Lorenzo and Toscani, Giuseppe},
  title        = {Diffusive relaxation schemes for multiscale discrete-velocity kinetic equations},
  note         = {Publisher: {SIAM}},
  number       = {6},
  pages        = {2405--2439},
  volume       = {35},
  date         = {1998},
  journaltitle = {{SIAM} Journal on Numerical Analysis},
}

@Article{jin.1999.efficient,
  author       = {Jin, Shi},
  title        = {Efficient asymptotic-preserving ({AP}) schemes for some multiscale kinetic equations},
  note         = {Publisher: {SIAM}},
  number       = {2},
  pages        = {441--454},
  volume       = {21},
  date         = {1999},
  journaltitle = {{SIAM} Journal on Scientific Computing},
}

@Article{jin.2000.uniformly,
  author       = {Jin, Shi and Pareschi, Lorenzo and Toscani, Giuseppe},
  title        = {Uniformly accurate diffusive relaxation schemes for multiscale transport equations},
  note         = {Publisher: {SIAM}},
  number       = {3},
  pages        = {913--936},
  volume       = {38},
  date         = {2000},
  journaltitle = {{SIAM} Journal on Numerical Analysis},
}

@Article{lemou.2008.new,
  author       = {Lemou, Mohammed and Mieussens, Luc},
  title        = {A new asymptotic preserving scheme based on micro-macro formulation for linear kinetic equations in the diffusion limit},
  note         = {Publisher: {SIAM}},
  number       = {1},
  pages        = {334--368},
  volume       = {31},
  date         = {2008},
  journaltitle = {{SIAM} Journal on Scientific Computing},
}

@article{goudon.2003.homogenization,
  title={Homogenization and diffusion asymptotics of the linear Boltzmann equation},
  author={Goudon, Thierry and Mellet, Antoine},
  journal={ESAIM: Control, Optimisation and Calculus of Variations},
  volume={9},
  pages={371--398},
  year={2003},
  publisher={EDP Sciences}
}

@article{lemou.2012.micro,
  title={Micro-macro schemes for kinetic equations including boundary layers},
  author={Lemou, Mohammed and M{\'e}hats, Florian},
  journal={SIAM Journal on Scientific Computing},
  volume={34},
  number={6},
  pages={B734--B760},
  year={2012},
  publisher={SIAM}
}


@Article{maset.2009.unconditional,
  author       = {Maset, Stefano and Zennaro, Marino},
  title        = {Unconditional stability of explicit exponential Runge-Kutta methods for semi-linear ordinary differential equations},
  number       = {266},
  pages        = {957--967},
  volume       = {78},
  date         = {2009},
  journaltitle = {Mathematics of computation},
}

@Misc{bischel.2016.implementation,
  author = {Bischel, Denis},
  title  = {Implémentation \textsc{{MatLab}} du schéma Radau {IIA}},
  url    = {https://www.mathworks.com/matlabcentral/fileexchange/56162},
}

@Misc{driscoll.2014.chebfun,
  author    = {Driscoll, T. A and Hale, N. and Trefethen, L. N.},
  title     = {Chebfun Guide},
  date      = {2014},
  publisher = {Pafnuty Publications},
  url       = {http://www.chebfun.org/docs/guide/},
}

@Article{greiner.1994.singular,
  author       = {Greiner, Günther and Heesterbeek, {JAP} and Metz, Johan {AJ}},
  title        = {A singular perturbation theorem for evolution equations and time-scale arguments for structured population models},
  note         = {Publisher: Applied mathematics institute of the University of Alberta},
  number       = {4},
  pages        = {435--459},
  volume       = {3},
  date         = {1994},
  journaltitle = {Canadian applied mathematics quarterly},
}

@Article{hu.2021.uniform,
  author       = {Hu, Jingwei and Shu, Ruiwen},
  title        = {On the uniform accuracy of implicit-explicit backward differentiation formulas ({IMEX}-{BDF}) for stiff hyperbolic relaxation systems and kinetic equations},
  number       = {328},
  pages        = {641--670},
  volume       = {90},
  date         = {2021},
  journaltitle = {Mathematics of Computation},
}

@Article{hochbruck.2005.explicit,
  author       = {Hochbruck, Marlis and Ostermann, Alexander},
  title        = {Explicit exponential Runge–Kutta methods for semilinear parabolic problems},
  note         = {Publisher: {SIAM}},
  number       = {3},
  pages        = {1069--1090},
  volume       = {43},
  date         = {2005},
  journaltitle = {{SIAM} Journal on Numerical Analysis},
}

@Article{hochbruck.2004.exponential,
  author       = {Hochbruck, Marlis and Ostermann, Alexander},
  title        = {Exponential Runge–Kutta methods for parabolic problems},
  note         = {Publisher: Elsevier},
  number       = {2},
  pages        = {323--339},
  volume       = {53},
  date         = {2004},
  journaltitle = {Applied Numerical Mathematics},
}

@Book{roberts.2014.model,
  author    = {Roberts, Anthony John},
  publisher = {{SIAM}},
  title     = {Model emergent dynamics in complex systems},
  note      = {Section: {IV}},
  volume    = {20},
  date      = {2014},
}

@Article{sakamoto.1990.invariant,
  author       = {Sakamoto, Kunimochi},
  title        = {Invariant manifolds in singular perturbation problems for ordinary differential equations},
  note         = {Publisher: Royal Society of Edinburgh Scotland Foundation},
  number       = {1},
  pages        = {45--78},
  volume       = {116},
  date         = {1990},
  journaltitle = {Proceedings of the Royal Society of Edinburgh Section A: Mathematics},
}

@Article{sanchez.2000.singular,
  author       = {Sánchez, Eva and Arino, Ovide and Auger, Pierre and de la Parra, Rafael Bravo},
  title        = {A singular perturbation in an age-structured population model},
  note         = {Publisher: {SIAM}},
  number       = {2},
  pages        = {408--436},
  volume       = {60},
  date         = {2000},
  journaltitle = {{SIAM} Journal on Applied Mathematics},
}

@Article{vasileva.1963.asymptotic,
  author       = {Vasil'eva, Adelaida Borisovna},
  title        = {Asymptotic behaviour of solutions to certain problems involving non-linear differential equations containing a small parameter multiplying the highest derivatives},
  note         = {Publisher: {IOP} Publishing},
  number       = {3},
  pages        = {13},
  volume       = {18},
  date         = {1963},
  journaltitle = {Russian Mathematical Surveys},
}

@Article{kramers.1926.wellenmechanik,
  author       = {Kramers, Hendrik Anthony},
  title        = {Wellenmechanik und halbzahlige Quantisierung},
  note         = {Publisher: Springer},
  number       = {10},
  pages        = {828--840},
  volume       = {39},
  date         = {1926},
  journaltitle = {Zeitschrift für Physik},
}

@Article{wentzel.1926.eine,
  author       = {Wentzel, Gregor},
  title        = {Eine verallgemeinerung der quantenbedingungen für die zwecke der wellenmechanik},
  note         = {Publisher: Springer},
  number       = {6},
  pages        = {518--529},
  volume       = {38},
  date         = {1926},
  journaltitle = {Zeitschrift für Physik},
}

@Article{brillouin.1926.remarques,
  author       = {Brillouin, Léon},
  title        = {Remarques sur la mécanique ondulatoire},
  number       = {12},
  pages        = {353--368},
  volume       = {7},
  date         = {1926},
  journaltitle = {J. phys. radium},
}

@Article{bambusi.2003.birkhoff,
  author       = {Bambusi, Dario},
  title        = {Birkhoff normal form for some nonlinear {PDEs}},
  note         = {Publisher: Springer},
  number       = {2},
  pages        = {253--285},
  volume       = {234},
  date         = {2003},
  journaltitle = {Communications in mathematical physics},
}

@Article{bambusi.2005.birkhoff–lewis,
  author       = {Bambusi, Dario and Berti, Massimiliano},
  title        = {A Birkhoff–Lewis-Type Theorem for Some Hamiltonian {PDEs}},
  note         = {Publisher: {SIAM}},
  number       = {1},
  pages        = {83--102},
  volume       = {37},
  date         = {2005},
  journaltitle = {{SIAM} Journal on Mathematical Analysis},
}

@InProceedings{bambusi.2006.birkhoff,
  author    = {Bambusi, Dario},
  booktitle = {{XIVth} International Congress on Mathematical Physics},
  title     = {Birkhoff normal form for some quasilinear Hamiltonian {PDEs}},
  pages     = {273--280},
  publisher = {World Scientific},
  date      = {2006},
}

@Article{bambusi.2006.birkhoffa,
  author       = {Bambusi, Dario and Grébert, Benoit},
  title        = {Birkhoff normal form for partial differential equations with tame modulus},
  note         = {Publisher: Duke University Press},
  number       = {3},
  pages        = {507--567},
  volume       = {135},
  date         = {2006},
  journaltitle = {Duke Mathematical Journal},
}

@InCollection{bambusi.2008.birkhoff,
  author    = {Bambusi, Dario},
  booktitle = {Hamiltonian dynamical systems and applications},
  publisher = {Springer},
  title     = {A Birkhoff normal form theorem for some semilinear {PDEs}},
  pages     = {213--247},
  date      = {2008},
}

@Article{chartier.2015.higher,
  author       = {Chartier, Philippe and Murua, Ander and Sanz-Serna, Jesus Maria},
  title        = {Higher-order averaging, formal series and numerical integration {III}: error bounds},
  note         = {Publisher: Springer},
  number       = {2},
  pages        = {591--612},
  volume       = {15},
  date         = {2015},
  journaltitle = {Foundations of Computational Mathematics},
}

@Article{chartier.2020.new,
  author       = {Chartier, Philippe and Lemou, Mohammed and Méhats, Florian and Vilmart, Gilles},
  title        = {A New Class of Uniformly Accurate Numerical Schemes for Highly Oscillatory Evolution Equations},
  issn         = {1615-3375, 1615-3383},
  number       = {1},
  pages        = {1--33},
  volume       = {20},
  date         = {2020-02},
  doi          = {10.1007/s10208-019-09413-3},
  journaltitle = {Foundations of Computational Mathematics},
  url          = {http://link.springer.com/10.1007/s10208-019-09413-3},
  urldate      = {2020-06-13},
}

@Article{chartier.2014.multi,
  author       = {Chartier, Philippe and Makazaga, Joseba and Murua, Ander and Vilmart, Gilles},
  title        = {Multi-revolution composition methods for highly oscillatory differential equations},
  issn         = {0029-599X, 0945-3245},
  number       = {1},
  pages        = {167--192},
  volume       = {128},
  date         = {2014-09},
  doi          = {10.1007/s00211-013-0602-0},
  journaltitle = {Numerische Mathematik},
  url          = {http://link.springer.com/10.1007/s00211-013-0602-0},
  urldate      = {2020-06-13},
}

@Article{chartier.2015.uniformly,
  author       = {Chartier, Philippe and Crouseilles, Nicolas and Lemou, Mohammed and Méhats, Florian},
  title        = {Uniformly accurate numerical schemes for highly oscillatory Klein–Gordon and nonlinear Schrödinger equations},
  note         = {Publisher: Springer},
  number       = {2},
  pages        = {211--250},
  volume       = {129},
  date         = {2015},
  journaltitle = {Numerische Mathematik},
}

@Article{chartier.2017.highly,
  author       = {Chartier, Philippe and Lemou, Mohammed and Méhats, Florian},
  title        = {Highly-oscillatory evolution equations with multiple frequencies: averaging and numerics},
  issn         = {0029-599X, 0945-3245},
  number       = {4},
  pages        = {907--939},
  volume       = {136},
  date         = {2017-08},
  doi          = {10.1007/s00211-016-0864-4},
  journaltitle = {Numerische Mathematik},
  shorttitle   = {Highly-oscillatory evolution equations with multiple frequencies},
  url          = {http://link.springer.com/10.1007/s00211-016-0864-4},
  urldate      = {2020-06-13},
}

@Article{chartier.2017.convergence,
  author       = {Chartier, Philippe and Méhats, Florian and Thalhammer, Mechthild and Zhang, Yong},
  title        = {Convergence of multi-revolution composition time-splitting methods for highly oscillatory differential equations of Schrödinger type},
  issn         = {0764-583X, 1290-3841},
  number       = {5},
  pages        = {1859--1882},
  volume       = {51},
  date         = {2017-09},
  doi          = {10.1051/m2an/2017010},
  journaltitle = {{ESAIM}: Mathematical Modelling and Numerical Analysis},
  url          = {http://www.esaim-m2an.org/10.1051/m2an/2017010},
  urldate      = {2020-06-13},
}

@Article{chartier.2012.higher,
  author       = {Chartier, Philippe and Murua, Ander and Sanz-Serna, Jesus Maria},
  title        = {Higher-order averaging, formal series and numerical integration {II}: the quasi-periodic case},
  note         = {Publisher: Springer},
  number       = {4},
  pages        = {471--508},
  volume       = {12},
  date         = {2012},
  journaltitle = {Foundations of Computational Mathematics},
}

@Article{colliander.2010.transfer,
  author       = {Colliander, James and Keel, Markus and Staffilani, Gigiola and Takaoka, Hideo and Tao, Terence},
  title        = {Transfer of energy to high frequencies in the cubic defocusing nonlinear Schrödinger equation},
  note         = {Publisher: Springer},
  number       = {1},
  pages        = {39--113},
  volume       = {181},
  date         = {2010},
  journaltitle = {Inventiones mathematicae},
}

@Article{colliander.2012.remark,
  author       = {Colliander, James and Kwon, Soonsik and Oh, Tadahiro},
  title        = {A remark on normal forms and the “upside-down” I-method for periodic {NLS}: growth of higher Sobolev norms},
  note         = {Publisher: Springer},
  number       = {1},
  pages        = {55--82},
  volume       = {118},
  date         = {2012},
  journaltitle = {Journal d'Analyse Mathématique},
}

@Article{garciaarchilla.1998.long,
  author       = {Garcia-Archilla, Bosco and Sanz-Serna, Jesús Maria and Skeel, Robert D},
  title        = {Long-time-step methods for oscillatory differential equations},
  note         = {Publisher: {SIAM}},
  number       = {3},
  pages        = {930--963},
  volume       = {20},
  date         = {1998},
  journaltitle = {{SIAM} Journal on Scientific Computing},
}

@Book{hairer.2006.geometric,
  author     = {Hairer, Ernst and Lubich, Christian and Wanner, Gerhard},
  publisher  = {Springer-Verlag},
  title      = {Geometric Numerical Integration: Structure-Preserving Algorithms for Ordinary Differential Equations},
  edition    = {2},
  isbn       = {978-3-540-30663-4},
  series     = {Springer Series in Computational Mathematics},
  date       = {2006},
  doi        = {10.1007/3-540-30666-8},
  location   = {Berlin Heidelberg},
  shorttitle = {Geometric Numerical Integration},
  url        = {https://www.springer.com/gp/book/9783540306634},
  urldate    = {2021-06-17},
}

@Article{chartier.2020.uniformly,
  author       = {Chartier, Philippe and Crouseilles, Nicolas and Lemou, Mohammed and Méhats, Florian and Zhao, Xiaofei},
  title        = {Uniformly Accurate Methods for Three Dimensional Vlasov Equations under Strong Magnetic Field with Varying Direction},
  issn         = {1064-8275},
  number       = {2},
  pages        = {B520--B547},
  volume       = {42},
  date         = {2020-01},
  doi          = {10.1137/19M127402X},
  journaltitle = {{SIAM} Journal on Scientific Computing},
  url          = {https://epubs.siam.org/doi/abs/10.1137/19M127402X},
  urldate      = {2021-06-17},
}

@Article{frenod.2009.long,
  author       = {Frénod, Emmanuel and Salvarani, Francesco and Sonnendrücker, Eric},
  title        = {Long time simulation of a beam in a periodic focusing channel via a two-scale pic-method},
  issn         = {0218-2025},
  number       = {2},
  pages        = {175--197},
  volume       = {19},
  date         = {2009-02},
  doi          = {10.1142/S0218202509003395},
  journaltitle = {Mathematical Models and Methods in Applied Sciences},
  url          = {https://www.worldscientific.com/doi/abs/10.1142/S0218202509003395},
  urldate      = {2021-06-17},
}

@Article{frenod.2000.long,
  author       = {Frénod, E. and Sonnendrücker, E.},
  title        = {Long time behavior of the two-dimensional vlasov equation with a strong external magnetic field},
  issn         = {0218-2025},
  number       = {4},
  pages        = {539--553},
  volume       = {10},
  date         = {2000-06},
  doi          = {10.1142/S021820250000029X},
  journaltitle = {Mathematical Models and Methods in Applied Sciences},
  url          = {https://www.worldscientific.com/doi/10.1142/S021820250000029X},
  urldate      = {2021-06-17},
}

@Article{bao.2012.analysis,
  title={Analysis and comparison of numerical methods for the Klein--Gordon equation in the nonrelativistic limit regime},
  author={Bao, Weizhu and Dong, Xuanchun},
  journal={Numerische Mathematik},
  volume={120},
  number={2},
  pages={189--229},
  year={2012},
  publisher={Springer}
}

@Article{bao.2014.uniformly,
  author       = {Bao, Weizhu and Cai, Yongyong and Zhao, Xiaofei},
  title        = {A Uniformly Accurate Multiscale Time Integrator Pseudospectral Method for the Klein–Gordon Equation in the Nonrelativistic Limit Regime},
  issn         = {0036-1429},
  number       = {5},
  pages        = {2488--2511},
  volume       = {52},
  date         = {2014-01},
  doi          = {10.1137/130950665},
  journaltitle = {{SIAM} Journal on Numerical Analysis},
  url          = {https://epubs.siam.org/doi/10.1137/130950665},
  urldate      = {2021-06-17},
}

@Article{bao.2019.comparison,
  author       = {Bao, Weizhu and Zhao, Xiaofei},
  title        = {Comparison of numerical methods for the nonlinear Klein-Gordon equation in the nonrelativistic limit regime},
  issn         = {0021-9991},
  pages        = {108886},
  volume       = {398},
  date         = {2019-12},
  doi          = {10.1016/j.jcp.2019.108886},
  journaltitle = {Journal of Computational Physics},
  keywords     = {-resolution, Comparison, Nonlinear Klein-Gordon equation, Nonrelativistic limit regime, Numerical schemes, Uniformly accurate},
  url          = {https://www.sciencedirect.com/science/article/pii/S0021999119305844},
  urldate      = {2021-06-17},
}

@Article{castella.2015.stroboscopic,
  author       = {Castella, F. and Chartier, Ph. and Méhats, F. and Murua, A.},
  title        = {Stroboscopic Averaging for the Nonlinear Schrödinger Equation},
  issn         = {1615-3383},
  number       = {2},
  pages        = {519--559},
  volume       = {15},
  date         = {2015-04},
  doi          = {10.1007/s10208-014-9235-7},
  journaltitle = {Foundations of Computational Mathematics},
  url          = {https://doi.org/10.1007/s10208-014-9235-7},
  urldate      = {2021-06-17},
}

@Article{casas.2019.continuous,
  author       = {Casas, Fernando and Chartier, Philippe and Murua, Ander},
  title        = {Continuous changes of variables and the Magnus expansion},
  issn         = {2399-6528},
  number       = {9},
  pages        = {095014},
  volume       = {3},
  date         = {2019-09},
  doi          = {10.1088/2399-6528/ab42c1},
  journaltitle = {Journal of Physics Communications},
  url          = {https://iopscience.iop.org/article/10.1088/2399-6528/ab42c1},
  urldate      = {2021-06-17},
}

@InProceedings{grebert.2012.resonant,
  author    = {Grébert, Benoit and Thomann, Laurent},
  booktitle = {Annales de l'Institut Henri Poincaré C, Analyse non linéaire},
  title     = {Resonant dynamics for the quintic nonlinear Schrödinger equation},
  note      = {Issue: 3},
  pages     = {455--477},
  publisher = {Elsevier},
  volume    = {29},
  date      = {2012},
}

@Article{hairer.2000.long,
  author       = {Hairer, Ernst and Lubich, Christian},
  title        = {Long-time energy conservation of numerical methods for oscillatory differential equations},
  note         = {Publisher: {SIAM}},
  number       = {2},
  pages        = {414--441},
  volume       = {38},
  date         = {2000},
  journaltitle = {{SIAM} journal on numerical analysis},
}

@Book{lochak.1988.multiphase,
  author     = {Lochak, P. and Meunier, C.},
  publisher  = {Springer-Verlag},
  title      = {Multiphase Averaging for Classical Systems: With Applications to Adiabatic Theorems},
  isbn       = {978-0-387-96778-3},
  series     = {Applied Mathematical Sciences},
  date       = {1988},
  doi        = {10.1007/978-1-4612-1044-3},
  location   = {New York},
  shorttitle = {Multiphase Averaging for Classical Systems},
  url        = {https://www.springer.com/gp/book/9780387967783},
  urldate    = {2021-06-17},
}

@Book{sanders.2007.averaging,
  author    = {Sanders, Jan A. and Verhulst, Ferdinand and Murdock, James},
  publisher = {Springer-Verlag},
  title     = {Averaging Methods in Nonlinear Dynamical Systems},
  edition   = {2},
  isbn      = {978-0-387-48916-2},
  series    = {Applied Mathematical Sciences},
  date      = {2007},
  doi       = {10.1007/978-0-387-48918-6},
  location  = {New York},
  url       = {https://www.springer.com/gp/book/9780387489162},
  urldate   = {2021-06-17},
}

@Article{perko.1969.higher,
  author       = {Perko, Lawrence M.},
  title        = {Higher Order Averaging and Related Methods for Perturbed Periodic and Quasi-Periodic Systems},
  issn         = {0036-1399, 1095-712X},
  number       = {4},
  pages        = {698--724},
  volume       = {17},
  date         = {1969-07},
  doi          = {10.1137/0117065},
  journaltitle = {{SIAM} Journal on Applied Mathematics},
  url          = {http://epubs.siam.org/doi/10.1137/0117065},
  urldate      = {2021-06-17},
}

@InCollection{simo.1994.averaging,
  author    = {Simó, Carles},
  booktitle = {Hamiltonian Mechanics: Integrability and Chaotic Behavior},
  publisher = {Springer {US}},
  title     = {Averaging under Fast Quasiperiodic Forcing},
  editor    = {Seimenis, John},
  isbn      = {978-1-4899-0964-0},
  pages     = {13--34},
  series    = {{NATO} {ASI} Series},
  date      = {1994},
  doi       = {10.1007/978-1-4899-0964-0:2},
  keywords  = {Homoclinic Orbit, Invariant Manifold, Invariant Torus, Melnikov Function, Moderate Time Interval},
  location  = {Boston, {MA}},
  url       = {https://doi.org/10.1007/978-1-4899-0964-0:2},
  urldate   = {2021-06-17},
}

@Article{joly.1995.coherent,
  author       = {Joly, J.-L. and Métivier, G. and Rauch, J.},
  title        = {Coherent and focusing multidimensional nonlinear geometric optics},
  number       = {1},
  pages        = {51--113},
  volume       = {28},
  date         = {1995},
  doi          = {10.24033/asens.1709},
  journaltitle = {Annales scientifiques de l'École Normale Supérieure},
  url          = {http://www.numdam.org/item/?id=ASENS:1995:4:28:1:51:0},
  urldate      = {2021-06-17},
}

@Article{bourgain.1996.construction,
  author       = {Bourgain, J.},
  title        = {Construction of approximative and almost periodic solutions of perturbed linear schrödinger and wave equations},
  issn         = {1420-8970},
  number       = {2},
  pages        = {201--230},
  volume       = {6},
  date         = {1996-03},
  doi          = {10.1007/BF02247885},
  journaltitle = {Geometric \& Functional Analysis {GAFA}},
  url          = {https://doi.org/10.1007/BF02247885},
  urldate      = {2021-06-17},
}

@Article{blanes.2010.pedagogical,
  author = {Blanes, S. and Casas, F. and Oteo, J. and Ros, J.},
  title  = {A pedagogical approach to the Magnus expansion},
  date   = {2010},
  doi    = {10.1088/0143-0807/31/4/020},
}

@Article{abdallah.2009.strongly,
  author       = {Abdallah, Naoufel Ben and Castella, Francois and Delebecque-Fendt, Fanny and Méhats, Florian},
  title        = {The Strongly Confined Schrödinger–Poisson System for the Transport of Electrons in a Nanowire},
  issn         = {0036-1399},
  number       = {4},
  pages        = {1162--1173},
  volume       = {69},
  date         = {2009-01},
  doi          = {10.1137/080715950},
  journaltitle = {{SIAM} Journal on Applied Mathematics},
  url          = {https://epubs.siam.org/doi/abs/10.1137/080715950},
  urldate      = {2021-06-17},
}

@Article{morandi.2011.wigner,
  title={Wigner model for quantum transport in graphene},
  author={Morandi, Omar and Sch{\"u}rrer, Ferdinand},
  journal={Journal of Physics A: Mathematical and Theoretical},
  volume={44},
  number={26},
  pages={265301},
  year={2011},
  publisher={IOP Publishing}
}

@Article{grebert.2011.energy,
  author       = {Grébert, Benoit and Villegas-Blas, Carlos},
  title        = {On the energy exchange between resonant modes in nonlinear Schrödinger equations},
  issn         = {0294-1449},
  number       = {1},
  pages        = {127--134},
  volume       = {28},
  date         = {2011-01},
  doi          = {10.1016/j.anihpc.2010.11.004},
  journaltitle = {Annales de l'Institut Henri Poincaré C, Analyse non linéaire},
  keywords     = {Beating effect, Échange d'énergie, Equation de Schrödinger non linéaire, Forme normale, Nonlinear Schrödinger equation, Normal form, Resonances, Résonances},
  url          = {https://www.sciencedirect.com/science/article/pii/S0294144910000818},
  urldate      = {2021-06-17},
}

@Article{gauckler.2010.nonlinear,
  author       = {Gauckler, Ludwig and Lubich, Christian},
  title        = {Nonlinear Schrödinger Equations and Their Spectral Semi-Discretizations Over Long Times},
  issn         = {1615-3383},
  number       = {2},
  pages        = {141--169},
  volume       = {10},
  date         = {2010-04},
  doi          = {10.1007/s10208-010-9059-z},
  journaltitle = {Foundations of Computational Mathematics},
  url          = {https://doi.org/10.1007/s10208-010-9059-z},
  urldate      = {2021-06-17},
}

@Article{cohen.2008.long,
  author       = {Cohen, David and Hairer, Ernst and Lubich, Christian},
  title        = {Long-Time Analysis of Nonlinearly Perturbed Wave Equations Via Modulated Fourier Expansions},
  issn         = {1432-0673},
  number       = {2},
  pages        = {341--368},
  volume       = {187},
  date         = {2008-02},
  doi          = {10.1007/s00205-007-0095-z},
  journaltitle = {Archive for Rational Mechanics and Analysis},
  url          = {https://doi.org/10.1007/s00205-007-0095-z},
  urldate      = {2021-06-17},
}

@Article{cohen.2008.conservation,
  author       = {Cohen, David and Hairer, Ernst and Lubich, Christian},
  title        = {Conservation of energy, momentum and actions in numerical discretizations of non-linear wave equations},
  note         = {Publisher: Springer},
  number       = {2},
  pages        = {113--143},
  volume       = {110},
  date         = {2008},
  journaltitle = {Numerische Mathematik},
}

@Book{murdock.2006.normal,
  author    = {Murdock, James},
  publisher = {Springer Science \& Business Media},
  title     = {Normal forms and unfoldings for local dynamical systems},
  date      = {2006},
}

@Article{chartier.2010.higher,
  author       = {Chartier, P. and Murua, A. and Sanz-Serna, J. M.},
  title        = {Higher-Order Averaging, Formal Series and Numerical Integration I: B-series},
  issn         = {1615-3383},
  number       = {6},
  pages        = {695--727},
  volume       = {10},
  date         = {2010-12},
  doi          = {10.1007/s10208-010-9074-0},
  journaltitle = {Foundations of Computational Mathematics},
  shorttitle   = {Higher-Order Averaging, Formal Series and Numerical Integration I},
  url          = {https://doi.org/10.1007/s10208-010-9074-0},
  urldate      = {2021-06-17},
}

@Article{neishtadt.1984.separation,
  author       = {Neishtadt, A. I.},
  title        = {The separation of motions in systems with rapidly rotating phase},
  issn         = {0021-8928},
  number       = {2},
  pages        = {133--139},
  volume       = {48},
  date         = {1984-01},
  doi          = {10.1016/0021-8928(84)90078-9},
  journaltitle = {Journal of Applied Mathematics and Mechanics},
  url          = {https://www.sciencedirect.com/science/article/pii/0021892884900789},
  urldate      = {2021-06-17},
}

@Article{chartier.2020.averaging,
  author       = {Chartier, Philippe and Crouseilles, Nicolas and Lemou, Mohammed and Méhats, Florian},
  title        = {Averaging of highly-oscillatory transport equations},
  number       = {6},
  pages        = {1107},
  volume       = {13},
  date         = {2020},
  doi          = {10.3934/krm.2020039},
  journaltitle = {Kinetic \& Related Models},
  rights       = {http://creativecommons.org/licenses/by/3.0/},
  url          = {https://www.aimsciences.org/article/doi/10.3934/krm.2020039},
  urldate      = {2021-06-17},
}

@Book{faou.2012.geometric,
  author    = {Faou, Erwan},
  publisher = {European Mathematical Society ({EMS})},
  title     = {Geometric numerical integration and Schrödinger equations},
  isbn      = {978-3-03719-100-2},
  date      = {2012},
  location  = {Zürich},
  url       = {https://zbmath.org/?q=an%3A1239.65078},
  urldate   = {2021-06-17},
  zmnumber  = {1239.65078},
}

@Article{chartier.2012.formal,
  author       = {Chartier, Philippe and Murua, Ander and Sanz-Serna, Jesus Maria},
  title        = {A formal series approach to averaging: exponentially small error estimates},
  number       = {9},
  volume       = {32},
  date         = {2012},
  journaltitle = {Discrete and Continuous Dynamical Systems-Series A},
}

@Article{crouzeix.1980.methode,
  author    = {Crouzeix, Michel},
  journal   = {Numerische Mathematik},
  title     = {Une m{\'e}thode multipas implicite-explicite pour l'approximation des {\'e}quations d'{\'e}volution paraboliques},
  year      = {1980},
  number    = {3},
  pages     = {257--276},
  volume    = {35},
  publisher = {Springer},
}

@Article{chartier.2010.algebraic,
  title={Algebraic structures of B-series},
  author={Chartier, Philippe and Hairer, Ernst and Vilmart, Gilles},
  journal={Foundations of Computational Mathematics},
  volume={10},
  number={4},
  pages={407--427},
  year={2010},
  publisher={Springer}
}

@Comment{jabref-meta: databaseType:bibtex;}
