@article{chartier2015UA,
  title={Uniformly accurate numerical schemes for highly oscillatory Klein--Gordon and nonlinear Schr{\"o}dinger equations},
  author={Chartier, Philippe and Crouseilles, Nicolas and Lemou, Mohammed and M{\'e}hats, Florian},
  journal={Numerische Mathematik},
  volume={129},
  number={2},
  pages={211--250},
  year={2015},
  publisher={Springer}
}

@article{castella2016formal,
  title={A formal series approach to the center manifold theorem},
  author={Castella, Fran{\c{c}}ois and Chartier, Philippe and Sauzeau, Julie},
  journal={Foundations of Computational Mathematics},
  pages={1--38},
  year={2016},
  publisher={Springer}
}

@book{carr1982,
  title={Applications of centre manifold theory},
  author={Carr, Jack},
  year={1982},
  series={Applied Mathematical Sciences},
  volume={35},
  publisher={Springer-Verlag New York}
}

@book{hairer1987,
  title={Solving Ordinary Differential Equations I. Nonstiff problems},
  author={Hairer, Ernst and Norsett, Syvert P. and Wanner, Gerhard},
  year={1982},
  series={Springer Series in Computational Mathematics},
  volume={8},
  publisher={Springer-Verlag Berlin Heidelberg}
}

@book{hairer1991,
  title={Solving Ordinary Differential Equations II. Stiff and differential-algebraic problems},
  author={Hairer, Ernst and Norsett, Syvert P. and Wanner, Gerhard},
  year={1982},
  series={Springer Series in Computational Mathematics},
  volume={8},
  publisher={Springer-Verlag Berlin Heidelberg}
}

@article{chartier2018micromacro,
  title={A new class of uniformly accurate numerical schemes for highly oscillatory evolution equations},
  author={Chartier, Philippe and Lemou, Mohammed and M{\'e}hats, Florian and Vilmart, Gilles},
  year={2018},
  journal={Foundations of Computational Mathematics},
  publisher={Springer},
  url={https://www.irisa.fr/ipso/fichiers/paperUA.pdf}
}

@misc{codeRADAU,
  title={Implémentation \textsc{MatLab} du schéma Radau IIA},
  author={Bischel, Denis},
  howpublished={\url{https://www.mathworks.com/matlabcentral/fileexchange/56162}},
  note={Code mis en ligne par Meysam Mahooti, téléchargé en mars 2018}
}

@misc{chebfun,
  Author = {Driscoll, T. A and Hale, N. and Trefethen, L. N.},
  Publisher = {Pafnuty Publications},
  Title = {Chebfun Guide},
  howpublished = {\url{http://www.chebfun.org/docs/guide/}},
  Year = {2014},
  note={Version utilisée: 5.6.0}
}

@book{bensoussan_homog,
  title={Asymptotic analysis for periodic structures},
  author={Bensoussan, Alain and Lions, Jacques-Louis and Papanicolaou, George},
  volume={374},
  series={Studies in Mathematics and Its Applications},
  year={1978},
  publisher={American Mathematical Soc.}
}
